<?xml version="1.0" encoding="UTF-8"?>
<record xmlns="http://www.loc.gov/MARC21/slim" xmlns:xsi="http://www.w3.org/2001/XMLSchema-instance" xsi:schemaLocation="http://www.loc.gov/MARC21/slim http://www.loc.gov/standards/marcxml/schema/MARC21slim.xsd">
<leader>     cam a2200253   4500</leader>
<controlfield tag="001">002217495</controlfield>
<controlfield tag="003">NNU</controlfield>
<controlfield tag="005">19950531100849.0</controlfield>
<controlfield tag="008">860130s1982    ir       b   f000 0 ara d</controlfield>
<datafield tag="035" ind1="9" ind2=" ">
<subfield code="a">NYUb11265261</subfield>
</datafield>
<datafield tag="035" ind1=" " ind2=" ">
<subfield code="a">GLIS004397930</subfield>
</datafield>
<datafield tag="035" ind1=" " ind2=" ">
<subfield code="a">(CStRLIN)NYUG86-B3239</subfield>
</datafield>
<datafield tag="040" ind1=" " ind2=" ">
<subfield code="a">NNU</subfield>
<subfield code="c">NNu</subfield>
</datafield>
<datafield tag="043" ind1=" " ind2=" ">
<subfield code="a">a-ir---</subfield>
</datafield>
<datafield tag="090" ind1=" " ind2=" ">
<subfield code="i">02/10/86 CT</subfield>
</datafield>
<datafield tag="100" ind1="1" ind2=" ">
<subfield code="a">Khomeini, Ruhollah.</subfield>
</datafield>
<datafield tag="245" ind1="1" ind2="3">
<subfield code="a">al-Ḥukūmat al-Islāmīyah /</subfield>
<subfield code="c">Rūḥ Allāh al-Khumaynī.</subfield>
</datafield>
<datafield tag="260" ind1=" " ind2=" ">
<subfield code="a">[Tehran] :</subfield>
<subfield code="b">al-Jumhūrīyah al-Islāmīyah al-Īrānīyah, Wizārat al- Irshād,</subfield>
<subfield code="c">[1982?]</subfield>
</datafield>
<datafield tag="300" ind1=" " ind2=" ">
<subfield code="a">154 p. ;</subfield>
<subfield code="c">19 cm.</subfield>
</datafield>
<datafield tag="504" ind1=" " ind2=" ">
<subfield code="a">Includes bibliographical referenes.</subfield>
</datafield>
<datafield tag="650" ind1=" " ind2="0">
<subfield code="a">Islam and state.</subfield>
</datafield>
<datafield tag="650" ind1=" " ind2="0">
<subfield code="a">Islam and state</subfield>
<subfield code="z">Iran.</subfield>
</datafield>
<datafield tag="651" ind1=" " ind2="0">
<subfield code="a">Iran</subfield>
<subfield code="x">Politics and government.</subfield>
</datafield>
<datafield tag="OWN" ind1=" " ind2=" ">
<subfield code="a">GENERAL</subfield>
</datafield>
<datafield tag="950" ind1=" " ind2=" ">
<subfield code="l">BMAIN</subfield>
<subfield code="a">JC49</subfield>
<subfield code="b">.K53 1982</subfield>
<subfield code="i">02/10/86 C</subfield>
</datafield>
<datafield tag="955" ind1=" " ind2=" ">
<subfield code="l">BMAIN</subfield>
<subfield code="c">1</subfield>
<subfield code="i">02/10/86 C</subfield>
</datafield>
<datafield tag="AVA" ind1=" " ind2=" ">
<subfield code="a">NYU50</subfield>
<subfield code="b">BOBST</subfield>
<subfield code="c">Main Collection</subfield>
<subfield code="d">JC49 .K53 1982</subfield>
<subfield code="e">unavailable</subfield>
<subfield code="t">Unavailable</subfield>
<subfield code="f">1</subfield>
<subfield code="g">1</subfield>
<subfield code="h">N</subfield>
<subfield code="i">0</subfield>
<subfield code="j">MAIN</subfield>
<subfield code="k">0</subfield>
</datafield>
</record>
